@misc{bocklisch2017rasa,
      title={Rasa: Open Source Language Understanding and Dialogue Management}, 
      author={Tom Bocklisch and Joey Faulkner and Nick Pawlowski and Alan Nichol},
      year={2017},
      eprint={1712.05181},
      archivePrefix={arXiv},
      primaryClass={cs.CL}
}